<?xml version="1.0" encoding="UTF-8"?><record xmlns="http://www.loc.gov/MARC21/slim" xmlns:cinclude="http://apache.org/cocoon/include/1.0" xmlns:zs="http://www.loc.gov/zing/srw/">
  <leader>00783cz  a2200193n  4500</leader>
  <controlfield tag="001">n  94900156 </controlfield>
  <controlfield tag="003">DLC</controlfield>
  <controlfield tag="005">19951221190254.8</controlfield>
  <controlfield tag="008">950905n| acaaaaaa|          |a ana |||  </controlfield>
  <datafield tag="010" ind1=" " ind2=" ">
    <subfield code="a">n  94900156 </subfield>
  </datafield>
  <datafield tag="040" ind1=" " ind2=" ">
    <subfield code="a">DLC</subfield>
    <subfield code="c">DLC</subfield>
    <subfield code="d">DLC</subfield>
  </datafield>
  <datafield tag="050" ind1=" " ind2=" ">
    <subfield code="a">HC161</subfield>
    <subfield code="b">.T49</subfield>
  </datafield>
  <datafield tag="130" ind1=" " ind2="0">
    <subfield code="a">Texto de debate (Universidade Federal do Rio de Janeiro. Faculdade de Economia e Administração)</subfield>
  </datafield>
  <datafield tag="410" ind1="2" ind2="0">
    <subfield code="a">Universidade Federal do Rio de Janeiro.</subfield>
    <subfield code="b">Faculdade de Economia e Administração.</subfield>
    <subfield code="t">Texto de debate</subfield>
  </datafield>
  <datafield tag="643" ind1=" " ind2=" ">
    <subfield code="a">Rio de Janeiro</subfield>
    <subfield code="b">Programa Editorial da Faculdade de Economia e Administração da UFRJ</subfield>
  </datafield>
  <datafield tag="644" ind1=" " ind2=" ">
    <subfield code="a">n</subfield>
    <subfield code="5">DLC</subfield>
  </datafield>
  <datafield tag="645" ind1=" " ind2=" ">
    <subfield code="a">n</subfield>
    <subfield code="5">DLC</subfield>
  </datafield>
  <datafield tag="646" ind1=" " ind2=" ">
    <subfield code="a">c</subfield>
    <subfield code="5">DLC</subfield>
  </datafield>
  <datafield tag="670" ind1=" " ind2=" ">
    <subfield code="a">The Mercosul and Latin American in ... 1992:</subfield>
    <subfield code="b">t.p. (Texto de debate) cover (Faculdade de Economia e Administração, UFRJ)</subfield>
  </datafield>
</record>